@Misc{Mcsema,
  title = 	 {{Mcsema}},
  howpublished = {\url{https://github.com/trailofbits/mcsema}},
}

@Misc{SourceMapper,
  title = {{Source Mapper and Backward Slicer for Mcsema generated IR}},
  howpublished = {\url{https://github.com/sdasgup3/llvm-slicer}},
}

@Misc{HexRays,
  title = {{Hex-Rays Decompiler}},
  howpublished = {\url{https://www.hex-rays.com/products/decompiler/index.shtml}},
}

@inproceedings{PLDI2013,
 author = {ElWazeer, Khaled and Anand, Kapil and Kotha, Aparna and Smithson, Matthew and Barua, Rajeev},
 title = {Scalable Variable and Data Type Detection in a Binary Rewriter},
 booktitle = {Proceedings of the 34th ACM SIGPLAN Conference on Programming Language Design and Implementation},
 series = {PLDI '13},
 year = {2013},
 isbn = {978-1-4503-2014-6},
 location = {Seattle, Washington, USA},
 pages = {51--60},
 numpages = {10},
 url = {http://doi.acm.org/10.1145/2491956.2462165},
 doi = {10.1145/2491956.2462165},
 acmid = {2462165},
 publisher = {ACM},
 address = {New York, NY, USA},
 keywords = {binary rewriting, reverse engineering, type recovery, variable recovery},
}

@inproceedings{SECONDWRITE-EUROSYS-2013,
 author = {Anand, Kapil and Smithson, Matthew and Elwazeer, Khaled and Kotha, Aparna and Gruen, Jim and Giles, Nathan and Barua, Rajeev},
 title = {A Compiler-level Intermediate Representation Based Binary Analysis and Rewriting System},
 booktitle = {Proceedings of the 8th ACM European Conference on Computer Systems},
 series = {EuroSys '13},
 year = {2013},
 isbn = {978-1-4503-1994-2},
 location = {Prague, Czech Republic},
 pages = {295--308},
 numpages = {14},
 url = {http://doi.acm.org/10.1145/2465351.2465380},
 doi = {10.1145/2465351.2465380},
 acmid = {2465380},
 publisher = {ACM},
 address = {New York, NY, USA},
}

@inproceedings{POLYTYPEINFERENCE-PLDI-2016,
 author = {Noonan, Matt and Loginov, Alexey and Cok, David},
 title = {Polymorphic Type Inference for Machine Code},
 booktitle = {Proceedings of the 37th ACM SIGPLAN Conference on Programming Language Design and Implementation},
 series = {PLDI '16},
 year = {2016},
 isbn = {978-1-4503-4261-2},
 location = {Santa Barbara, CA, USA},
 pages = {27--41},
 numpages = {15},
 url = {http://doi.acm.org/10.1145/2908080.2908119},
 doi = {10.1145/2908080.2908119},
 acmid = {2908119},
 publisher = {ACM},
 address = {New York, NY, USA},
 keywords = {Binary Analysis, Polymorphism, Pushdown Automata, Reverse Engineering, Static Analyiss, Type Systems},
}

@inproceedings{GIRI-ASPLOS-2013,
 author = {Sahoo, Swarup Kumar and Criswell, John and Geigle, Chase and Adve, Vikram},
 title = {Using Likely Invariants for Automated Software Fault Localization},
 booktitle = {Proceedings of the Eighteenth International Conference on Architectural Support for Programming Languages and Operating Systems},
 series = {ASPLOS '13},
 year = {2013},
 isbn = {978-1-4503-1870-9},
 location = {Houston, Texas, USA},
 pages = {139--152},
 numpages = {14},
 url = {http://doi.acm.org/10.1145/2451116.2451131},
 doi = {10.1145/2451116.2451131},
 acmid = {2451131},
 publisher = {ACM},
 address = {New York, NY, USA},
 keywords = {bug diagnosis, debugging, fault localization, invariants, program analysis, root cause, software reliability, testing},
}

@inproceedings{Codesurfer,
 author = {Balakrishnan, Gogul and Gruian, Radu and Reps, Thomas and Teitelbaum, Tim},
 title = {CodeSurfer/x86---A Platform for Analyzing x86 Executables},
 booktitle = {Proceedings of the 14th International Conference on Compiler Construction},
 series = {CC'05},
 year = {2005},
 isbn = {3-540-25411-0, 978-3-540-25411-9},
 location = {Edinburgh, UK},
 pages = {250--254},
 numpages = {5},
 url = {http://dx.doi.org/10.1007/978-3-540-31985-6_19},
 doi = {10.1007/978-3-540-31985-6_19},
 acmid = {2136649},
 publisher = {Springer-Verlag},
 address = {Berlin, Heidelberg},
} 

@Inbook{BAP,
author="Brumley, David
and Jager, Ivan
and Avgerinos, Thanassis
and Schwartz, Edward J.",
editor="Gopalakrishnan, Ganesh
and Qadeer, Shaz",
title="BAP: A Binary Analysis Platform",
bookTitle="Computer Aided Verification: 23rd International Conference, CAV 2011, Snowbird, UT, USA, July 14-20, 2011. Proceedings",
year="2011",
publisher="Springer Berlin Heidelberg",
address="Berlin, Heidelberg",
pages="463--469",
isbn="978-3-642-22110-1",
doi="10.1007/978-3-642-22110-1_37",
url="http://dx.doi.org/10.1007/978-3-642-22110-1_37"
}

@techreport{chipounov2010dynamically,
  author={Chipounov, Vitaly and Candea, George},
  title={Dynamically Translating x86 to LLVM using {QEMU}},
  year={2010}
}

@inproceedings{REVGEN-DNSW-2011, 
  author={Chipounov, Vitaly and Candea, George},
booktitle={2011 IEEE/IFIP 41st International Conference on Dependable Systems and Networks Workshops (DSN-W)}, 
title={Enabling sophisticated analyses of x86 binaries with {RevGen}}, 
year={2011}, 
pages={211-216}, 
keywords={device drivers;program compilers;program diagnostics;software maintenance;source coding;Ã—86 binaries;LLVM;RevGen;ad-hoc intermediate representations;analysis frameworks;binary software;compiler framework;device drivers;legacy software;machine code;program analysis;run-time instrumentation tools;source code;source language;static analysis tools;Assembly;Driver circuits;Instruction sets;Libraries;Registers;Transforms}, 
doi={10.1109/DSNW.2011.5958815}, 
ISSN={2325-6648}, 
month={June},
}

@inproceedings{S2E-ASPLOS-2011,
 author = {Chipounov, Vitaly and Kuznetsov, Volodymyr and Candea, George},
 title = {S2E: A Platform for In-vivo Multi-path Analysis of Software Systems},
 booktitle = {Proceedings of the Sixteenth International Conference on Architectural Support for Programming Languages and Operating Systems},
 series = {ASPLOS XVI},
 year = {2011},
 isbn = {978-1-4503-0266-1},
 location = {Newport Beach, California, USA},
 pages = {265--278},
 numpages = {14},
 url = {http://doi.acm.org/10.1145/1950365.1950396},
 doi = {10.1145/1950365.1950396},
 acmid = {1950396},
 publisher = {ACM},
 address = {New York, NY, USA},
 keywords = {analysis, binary, consistency models, dbt, framework, in-vivo, performance, symbolic execution, testing, virtualization},
}

@inproceedings{REVNIC-EUROSYS-2010,
  author={Chipounov, Vitaly and Candea, George},
 title = {Reverse Engineering of Binary Device Drivers with {RevNIC}},
 booktitle = {Proceedings of the 5th European Conference on Computer Systems},
 series = {EuroSys '10},
 year = {2010},
 isbn = {978-1-60558-577-2},
 location = {Paris, France},
 pages = {167--180},
 numpages = {14},
 url = {http://doi.acm.org/10.1145/1755913.1755932},
 doi = {10.1145/1755913.1755932},
 acmid = {1755932},
 publisher = {ACM},
 address = {New York, NY, USA},
 keywords = {binary, closed-source, device drivers, proprietary software, reverse engineering},
}


@inproceedings{DIVINE-VMCAI-2007,
 author = {Balakrishnan, Gogul and Reps, Thomas},
 title = {{DIVINE: Discovering Variables in Executables}},
 booktitle = {Proceedings of the 8th International Conference on Verification, Model Checking, and Abstract Interpretation},
 series = {VMCAI'07},
 year = {2007},
 isbn = {978-3-540-69735-0},
 location = {Nice, France},
 pages = {1--28},
 numpages = {28},
 url = {http://dl.acm.org/citation.cfm?id=1763048.1763050},
 acmid = {1763050},
 publisher = {Springer-Verlag},
 address = {Berlin, Heidelberg},
} 

@inproceedings{QEMU-ATEC-2005,
 author = {Bellard, Fabrice},
 title = {{QEMU}, a Fast and Portable Dynamic Translator},
 booktitle = {Proceedings of the Annual Conference on USENIX Annual Technical Conference},
 series = {ATEC '05},
 year = {2005},
 location = {Anaheim, CA},
 pages = {41--41},
 numpages = {1},
 url = {http://dl.acm.org/citation.cfm?id=1247360.1247401},
 acmid = {1247401},
 publisher = {USENIX Association},
 address = {Berkeley, CA, USA},
} 

