@Misc{BugIntel,
  title = 	 {Bug Reported in {Intel Developer Zone}: Possible errors in instruction semantics},
  howpublished =
  {\url{https://software.intel.com/en-us/forums/intel-isa-extensions/topic/773342}},
  month = 	 {April},
  year = 	 {2018},
  note = 	 {Last accessed}
}

@Misc{BugStoke983,
  title = 	 {Bug Reported in {Stoke}: Semantic bugs},
  howpublished = {\url{https://github.com/StanfordPL/stoke/issues/983}},
  month = 	 {April},
  year = 	 {2018},
  note = 	 {Last accessed}
}

@Misc{BugStoke986,
  title = 	 {Bug Reported in {Stoke}: Modelling the behavior of flags which may or must take undef values},
  howpublished = {\url{https://github.com/StanfordPL/stoke/issues/986}},
  month = 	 {May},
  year = 	 {2018},
  note = 	 {Last accessed}
}
